%% This BibTeX bibliography file was created using BibDesk.
%% http://bibdesk.sourceforge.net/

%% Created for Kaiser, Benjamin - 0553 - MITLL at 2017-05-02 15:10:29 -0400 


%% Saved with string encoding Unicode (UTF-8) 



@misc{Nakamoto,
	Author = {Satoshi Nakamoto},
	Date-Added = {2017-05-02 19:09:46 +0000},
	Date-Modified = {2017-05-02 19:10:22 +0000},
	Title = {Bitcoin: A peer-to-peer electronic cash system}}

@conference{DeckerWattenhofer2013,
	Author = {Christian Decker and Roger Wattenhofer},
	Booktitle = {Proceedings of the 13th IEEE International Conference on Peer-to-Peer Computing},
	Date-Added = {2017-05-02 14:47:45 +0000},
	Date-Modified = {2017-05-02 14:50:47 +0000},
	Title = {Information propagation in the Bitcoin network},
	Year = {2013}}
